%YAML 1.1
%TAG !u! tag:unity3d.com,2011:
--- !u!1 &5250752699603889792
GameObject:
  m_ObjectHideFlags: 0
  m_CorrespondingSourceObject: {fileID: 0}
  m_PrefabInstance: {fileID: 0}
  m_PrefabAsset: {fileID: 0}
  serializedVersion: 6
  m_Component:
  - component: {fileID: 8484524143394058932}
  - component: {fileID: 1860721373211498498}
  - component: {fileID: 8385674785996615767}
  - component: {fileID: 5837154032578512863}
  m_Layer: 0
  m_Name: ProgressBar
  m_TagString: Untagged
  m_Icon: {fileID: 0}
  m_NavMeshLayer: 0
  m_StaticEditorFlags: 0
  m_IsActive: 1
--- !u!4 &8484524143394058932
Transform:
  m_ObjectHideFlags: 0
  m_CorrespondingSourceObject: {fileID: 0}
  m_PrefabInstance: {fileID: 0}
  m_PrefabAsset: {fileID: 0}
  m_GameObject: {fileID: 5250752699603889792}
  serializedVersion: 2
  m_LocalRotation: {x: -0, y: -0, z: -0, w: 1}
  m_LocalPosition: {x: 0, y: 0, z: -9}
  m_LocalScale: {x: 1, y: 0.6625, z: 1}
  m_ConstrainProportionsScale: 0
  m_Children: []
  m_Father: {fileID: 7905414919751774103}
  m_LocalEulerAnglesHint: {x: 0, y: 0, z: 0}
--- !u!212 &1860721373211498498
SpriteRenderer:
  m_ObjectHideFlags: 0
  m_CorrespondingSourceObject: {fileID: 0}
  m_PrefabInstance: {fileID: 0}
  m_PrefabAsset: {fileID: 0}
  m_GameObject: {fileID: 5250752699603889792}
  m_Enabled: 1
  m_CastShadows: 0
  m_ReceiveShadows: 0
  m_DynamicOccludee: 1
  m_StaticShadowCaster: 0
  m_MotionVectors: 1
  m_LightProbeUsage: 1
  m_ReflectionProbeUsage: 1
  m_RayTracingMode: 0
  m_RayTraceProcedural: 0
  m_RenderingLayerMask: 1
  m_RendererPriority: 0
  m_Materials:
  - {fileID: 10754, guid: 0000000000000000f000000000000000, type: 0}
  m_StaticBatchInfo:
    firstSubMesh: 0
    subMeshCount: 0
  m_StaticBatchRoot: {fileID: 0}
  m_ProbeAnchor: {fileID: 0}
  m_LightProbeVolumeOverride: {fileID: 0}
  m_ScaleInLightmap: 1
  m_ReceiveGI: 1
  m_PreserveUVs: 0
  m_IgnoreNormalsForChartDetection: 0
  m_ImportantGI: 0
  m_StitchLightmapSeams: 1
  m_SelectedEditorRenderState: 0
  m_MinimumChartSize: 4
  m_AutoUVMaxDistance: 0.5
  m_AutoUVMaxAngle: 89
  m_LightmapParameters: {fileID: 0}
  m_SortingLayerID: 0
  m_SortingLayer: 0
  m_SortingOrder: 0
  m_Sprite: {fileID: 1775016338, guid: b6ab529bc37ac5149b91f9cf835cffe8, type: 3}
  m_Color: {r: 1, g: 1, b: 1, a: 1}
  m_FlipX: 0
  m_FlipY: 0
  m_DrawMode: 0
  m_Size: {x: 6.267857, y: 0.60714287}
  m_AdaptiveModeThreshold: 0.5
  m_SpriteTileMode: 0
  m_WasSpriteAssigned: 1
  m_MaskInteraction: 0
  m_SpriteSortPoint: 0
--- !u!95 &8385674785996615767
Animator:
  serializedVersion: 5
  m_ObjectHideFlags: 0
  m_CorrespondingSourceObject: {fileID: 0}
  m_PrefabInstance: {fileID: 0}
  m_PrefabAsset: {fileID: 0}
  m_GameObject: {fileID: 5250752699603889792}
  m_Enabled: 1
  m_Avatar: {fileID: 0}
  m_Controller: {fileID: 9100000, guid: b99732539fc4b2540b92da2776b8ded2, type: 2}
  m_CullingMode: 0
  m_UpdateMode: 0
  m_ApplyRootMotion: 0
  m_LinearVelocityBlending: 0
  m_StabilizeFeet: 0
  m_WarningMessage: 
  m_HasTransformHierarchy: 1
  m_AllowConstantClipSamplingOptimization: 1
  m_KeepAnimatorStateOnDisable: 0
  m_WriteDefaultValuesOnDisable: 0
--- !u!114 &5837154032578512863
MonoBehaviour:
  m_ObjectHideFlags: 0
  m_CorrespondingSourceObject: {fileID: 0}
  m_PrefabInstance: {fileID: 0}
  m_PrefabAsset: {fileID: 0}
  m_GameObject: {fileID: 5250752699603889792}
  m_Enabled: 1
  m_EditorHideFlags: 0
  m_Script: {fileID: 11500000, guid: 0b1585def0802b9428fa32d44ef04b42, type: 3}
  m_Name: 
  m_EditorClassIdentifier: 
  marker: 0
  aniSpeed: 0.5
--- !u!1 &7274918069309628580
GameObject:
  m_ObjectHideFlags: 0
  m_CorrespondingSourceObject: {fileID: 0}
  m_PrefabInstance: {fileID: 0}
  m_PrefabAsset: {fileID: 0}
  serializedVersion: 6
  m_Component:
  - component: {fileID: 7905414919751774103}
  m_Layer: 0
  m_Name: EnemySpawner
  m_TagString: Untagged
  m_Icon: {fileID: 0}
  m_NavMeshLayer: 0
  m_StaticEditorFlags: 0
  m_IsActive: 1
--- !u!4 &7905414919751774103
Transform:
  m_ObjectHideFlags: 0
  m_CorrespondingSourceObject: {fileID: 0}
  m_PrefabInstance: {fileID: 0}
  m_PrefabAsset: {fileID: 0}
  m_GameObject: {fileID: 7274918069309628580}
  serializedVersion: 2
  m_LocalRotation: {x: 0, y: 0, z: 0, w: 1}
  m_LocalPosition: {x: 0, y: 0, z: 0.5971632}
  m_LocalScale: {x: 1, y: 1, z: 1}
  m_ConstrainProportionsScale: 0
  m_Children:
  - {fileID: 5608657254503331884}
  - {fileID: 8484524143394058932}
  - {fileID: 7384793052324515811}
  - {fileID: 874756103290932766}
  - {fileID: 5893962899099077029}
  m_Father: {fileID: 0}
  m_LocalEulerAnglesHint: {x: 0, y: 0, z: 0}
--- !u!1 &8091522925814985322
GameObject:
  m_ObjectHideFlags: 0
  m_CorrespondingSourceObject: {fileID: 0}
  m_PrefabInstance: {fileID: 0}
  m_PrefabAsset: {fileID: 0}
  serializedVersion: 6
  m_Component:
  - component: {fileID: 5608657254503331884}
  - component: {fileID: 8588495203933210911}
  - component: {fileID: 6554688941318076130}
  m_Layer: 0
  m_Name: EnemySpawnerController
  m_TagString: Untagged
  m_Icon: {fileID: 0}
  m_NavMeshLayer: 0
  m_StaticEditorFlags: 0
  m_IsActive: 1
--- !u!4 &5608657254503331884
Transform:
  m_ObjectHideFlags: 0
  m_CorrespondingSourceObject: {fileID: 0}
  m_PrefabInstance: {fileID: 0}
  m_PrefabAsset: {fileID: 0}
  m_GameObject: {fileID: 8091522925814985322}
  serializedVersion: 2
  m_LocalRotation: {x: -0, y: -0, z: -0, w: 1}
  m_LocalPosition: {x: -0.13, y: -0.11, z: -0.6069354}
  m_LocalScale: {x: 1, y: 1, z: 1}
  m_ConstrainProportionsScale: 0
  m_Children: []
  m_Father: {fileID: 7905414919751774103}
  m_LocalEulerAnglesHint: {x: 0, y: 0, z: 0}
--- !u!114 &8588495203933210911
MonoBehaviour:
  m_ObjectHideFlags: 0
  m_CorrespondingSourceObject: {fileID: 0}
  m_PrefabInstance: {fileID: 0}
  m_PrefabAsset: {fileID: 0}
  m_GameObject: {fileID: 8091522925814985322}
  m_Enabled: 1
  m_EditorHideFlags: 0
  m_Script: {fileID: 11500000, guid: 2390a2a68fb96d440aec677777e97f55, type: 3}
  m_Name: 
  m_EditorClassIdentifier: 
  skeletonPrefab: {fileID: 9074724460787695120, guid: 7ad2b73826621fb41a5681e2ffff44d0, type: 3}
  bossPrefab: {fileID: 2177355847204194334, guid: 92d61fe7121be9c49b35ab15f96bde9e, type: 3}
  defaultSpawnInterval: 3
  spawnInterval: 3
  fixedXPosition: 10
  minY: -3
  maxY: 1.8
  progressBar: {fileID: 5837154032578512863}
  isSpawning: 1
  skeletonMark: {fileID: 8300000, guid: 5ab189c9801638240a2623171ca8fdcc, type: 3}
  bossMark: {fileID: 8300000, guid: 93bbfa63e2fc9c344aac4ae2cf4dee6d, type: 3}
--- !u!82 &6554688941318076130
AudioSource:
  m_ObjectHideFlags: 0
  m_CorrespondingSourceObject: {fileID: 0}
  m_PrefabInstance: {fileID: 0}
  m_PrefabAsset: {fileID: 0}
  m_GameObject: {fileID: 8091522925814985322}
  m_Enabled: 1
  serializedVersion: 4
  OutputAudioMixerGroup: {fileID: 0}
  m_audioClip: {fileID: 8300000, guid: 93bbfa63e2fc9c344aac4ae2cf4dee6d, type: 3}
  m_PlayOnAwake: 0
  m_Volume: 1
  m_Pitch: 1
  Loop: 0
  Mute: 0
  Spatialize: 0
  SpatializePostEffects: 0
  Priority: 128
  DopplerLevel: 1
  MinDistance: 1
  MaxDistance: 500
  Pan2D: 0
  rolloffMode: 0
  BypassEffects: 0
  BypassListenerEffects: 0
  BypassReverbZones: 0
  rolloffCustomCurve:
    serializedVersion: 2
    m_Curve:
    - serializedVersion: 3
      time: 0
      value: 1
      inSlope: 0
      outSlope: 0
      tangentMode: 0
      weightedMode: 0
      inWeight: 0.33333334
      outWeight: 0.33333334
    - serializedVersion: 3
      time: 1
      value: 0
      inSlope: 0
      outSlope: 0
      tangentMode: 0
      weightedMode: 0
      inWeight: 0.33333334
      outWeight: 0.33333334
    m_PreInfinity: 2
    m_PostInfinity: 2
    m_RotationOrder: 4
  panLevelCustomCurve:
    serializedVersion: 2
    m_Curve:
    - serializedVersion: 3
      time: 0
      value: 0
      inSlope: 0
      outSlope: 0
      tangentMode: 0
      weightedMode: 0
      inWeight: 0.33333334
      outWeight: 0.33333334
    m_PreInfinity: 2
    m_PostInfinity: 2
    m_RotationOrder: 4
  spreadCustomCurve:
    serializedVersion: 2
    m_Curve:
    - serializedVersion: 3
      time: 0
      value: 0
      inSlope: 0
      outSlope: 0
      tangentMode: 0
      weightedMode: 0
      inWeight: 0.33333334
      outWeight: 0.33333334
    m_PreInfinity: 2
    m_PostInfinity: 2
    m_RotationOrder: 4
  reverbZoneMixCustomCurve:
    serializedVersion: 2
    m_Curve:
    - serializedVersion: 3
      time: 0
      value: 1
      inSlope: 0
      outSlope: 0
      tangentMode: 0
      weightedMode: 0
      inWeight: 0.33333334
      outWeight: 0.33333334
    m_PreInfinity: 2
    m_PostInfinity: 2
    m_RotationOrder: 4
--- !u!1001 &3561232815615959718
PrefabInstance:
  m_ObjectHideFlags: 0
  serializedVersion: 2
  m_Modification:
    serializedVersion: 3
    m_TransformParent: {fileID: 7905414919751774103}
    m_Modifications:
    - target: {fileID: 735704682736239541, guid: e687836403a4b9b4a9278eef66a3b2d2, type: 3}
      propertyPath: m_Name
      value: marker_2
      objectReference: {fileID: 0}
    - target: {fileID: 4417970118013889720, guid: e687836403a4b9b4a9278eef66a3b2d2, type: 3}
      propertyPath: m_LocalPosition.x
      value: 0.39000034
      objectReference: {fileID: 0}
    - target: {fileID: 4417970118013889720, guid: e687836403a4b9b4a9278eef66a3b2d2, type: 3}
      propertyPath: m_LocalPosition.y
      value: 0.03000021
      objectReference: {fileID: 0}
    - target: {fileID: 4417970118013889720, guid: e687836403a4b9b4a9278eef66a3b2d2, type: 3}
      propertyPath: m_LocalPosition.z
      value: -9.597163
      objectReference: {fileID: 0}
    - target: {fileID: 4417970118013889720, guid: e687836403a4b9b4a9278eef66a3b2d2, type: 3}
      propertyPath: m_LocalRotation.w
      value: 1
      objectReference: {fileID: 0}
    - target: {fileID: 4417970118013889720, guid: e687836403a4b9b4a9278eef66a3b2d2, type: 3}
      propertyPath: m_LocalRotation.x
      value: -0
      objectReference: {fileID: 0}
    - target: {fileID: 4417970118013889720, guid: e687836403a4b9b4a9278eef66a3b2d2, type: 3}
      propertyPath: m_LocalRotation.y
      value: -0
      objectReference: {fileID: 0}
    - target: {fileID: 4417970118013889720, guid: e687836403a4b9b4a9278eef66a3b2d2, type: 3}
      propertyPath: m_LocalRotation.z
      value: -0
      objectReference: {fileID: 0}
    - target: {fileID: 4417970118013889720, guid: e687836403a4b9b4a9278eef66a3b2d2, type: 3}
      propertyPath: m_LocalEulerAnglesHint.x
      value: 0
      objectReference: {fileID: 0}
    - target: {fileID: 4417970118013889720, guid: e687836403a4b9b4a9278eef66a3b2d2, type: 3}
      propertyPath: m_LocalEulerAnglesHint.y
      value: 0
      objectReference: {fileID: 0}
    - target: {fileID: 4417970118013889720, guid: e687836403a4b9b4a9278eef66a3b2d2, type: 3}
      propertyPath: m_LocalEulerAnglesHint.z
      value: 0
      objectReference: {fileID: 0}
    m_RemovedComponents: []
    m_RemovedGameObjects: []
    m_AddedGameObjects: []
    m_AddedComponents: []
  m_SourcePrefab: {fileID: 100100000, guid: e687836403a4b9b4a9278eef66a3b2d2, type: 3}
--- !u!4 &874756103290932766 stripped
Transform:
  m_CorrespondingSourceObject: {fileID: 4417970118013889720, guid: e687836403a4b9b4a9278eef66a3b2d2, type: 3}
  m_PrefabInstance: {fileID: 3561232815615959718}
  m_PrefabAsset: {fileID: 0}
--- !u!1001 &6571814318081401691
PrefabInstance:
  m_ObjectHideFlags: 0
  serializedVersion: 2
  m_Modification:
    serializedVersion: 3
    m_TransformParent: {fileID: 7905414919751774103}
    m_Modifications:
    - target: {fileID: 735704682736239541, guid: e687836403a4b9b4a9278eef66a3b2d2, type: 3}
      propertyPath: m_Name
      value: marker_1
      objectReference: {fileID: 0}
    - target: {fileID: 4417970118013889720, guid: e687836403a4b9b4a9278eef66a3b2d2, type: 3}
      propertyPath: m_LocalPosition.x
      value: -1.2599998
      objectReference: {fileID: 0}
    - target: {fileID: 4417970118013889720, guid: e687836403a4b9b4a9278eef66a3b2d2, type: 3}
      propertyPath: m_LocalPosition.y
      value: 0.03000021
      objectReference: {fileID: 0}
    - target: {fileID: 4417970118013889720, guid: e687836403a4b9b4a9278eef66a3b2d2, type: 3}
      propertyPath: m_LocalPosition.z
      value: -9.597163
      objectReference: {fileID: 0}
    - target: {fileID: 4417970118013889720, guid: e687836403a4b9b4a9278eef66a3b2d2, type: 3}
      propertyPath: m_LocalRotation.w
      value: 1
      objectReference: {fileID: 0}
    - target: {fileID: 4417970118013889720, guid: e687836403a4b9b4a9278eef66a3b2d2, type: 3}
      propertyPath: m_LocalRotation.x
      value: -0
      objectReference: {fileID: 0}
    - target: {fileID: 4417970118013889720, guid: e687836403a4b9b4a9278eef66a3b2d2, type: 3}
      propertyPath: m_LocalRotation.y
      value: -0
      objectReference: {fileID: 0}
    - target: {fileID: 4417970118013889720, guid: e687836403a4b9b4a9278eef66a3b2d2, type: 3}
      propertyPath: m_LocalRotation.z
      value: -0
      objectReference: {fileID: 0}
    - target: {fileID: 4417970118013889720, guid: e687836403a4b9b4a9278eef66a3b2d2, type: 3}
      propertyPath: m_LocalEulerAnglesHint.x
      value: 0
      objectReference: {fileID: 0}
    - target: {fileID: 4417970118013889720, guid: e687836403a4b9b4a9278eef66a3b2d2, type: 3}
      propertyPath: m_LocalEulerAnglesHint.y
      value: 0
      objectReference: {fileID: 0}
    - target: {fileID: 4417970118013889720, guid: e687836403a4b9b4a9278eef66a3b2d2, type: 3}
      propertyPath: m_LocalEulerAnglesHint.z
      value: 0
      objectReference: {fileID: 0}
    m_RemovedComponents: []
    m_RemovedGameObjects: []
    m_AddedGameObjects: []
    m_AddedComponents: []
  m_SourcePrefab: {fileID: 100100000, guid: e687836403a4b9b4a9278eef66a3b2d2, type: 3}
--- !u!4 &7384793052324515811 stripped
Transform:
  m_CorrespondingSourceObject: {fileID: 4417970118013889720, guid: e687836403a4b9b4a9278eef66a3b2d2, type: 3}
  m_PrefabInstance: {fileID: 6571814318081401691}
  m_PrefabAsset: {fileID: 0}
--- !u!1001 &7819472079281186077
PrefabInstance:
  m_ObjectHideFlags: 0
  serializedVersion: 2
  m_Modification:
    serializedVersion: 3
    m_TransformParent: {fileID: 7905414919751774103}
    m_Modifications:
    - target: {fileID: 735704682736239541, guid: e687836403a4b9b4a9278eef66a3b2d2, type: 3}
      propertyPath: m_Name
      value: marker_3
      objectReference: {fileID: 0}
    - target: {fileID: 4417970118013889720, guid: e687836403a4b9b4a9278eef66a3b2d2, type: 3}
      propertyPath: m_LocalPosition.x
      value: 2.1799998
      objectReference: {fileID: 0}
    - target: {fileID: 4417970118013889720, guid: e687836403a4b9b4a9278eef66a3b2d2, type: 3}
      propertyPath: m_LocalPosition.y
      value: 0.03000021
      objectReference: {fileID: 0}
    - target: {fileID: 4417970118013889720, guid: e687836403a4b9b4a9278eef66a3b2d2, type: 3}
      propertyPath: m_LocalPosition.z
      value: -9.597163
      objectReference: {fileID: 0}
    - target: {fileID: 4417970118013889720, guid: e687836403a4b9b4a9278eef66a3b2d2, type: 3}
      propertyPath: m_LocalRotation.w
      value: 1
      objectReference: {fileID: 0}
    - target: {fileID: 4417970118013889720, guid: e687836403a4b9b4a9278eef66a3b2d2, type: 3}
      propertyPath: m_LocalRotation.x
      value: -0
      objectReference: {fileID: 0}
    - target: {fileID: 4417970118013889720, guid: e687836403a4b9b4a9278eef66a3b2d2, type: 3}
      propertyPath: m_LocalRotation.y
      value: -0
      objectReference: {fileID: 0}
    - target: {fileID: 4417970118013889720, guid: e687836403a4b9b4a9278eef66a3b2d2, type: 3}
      propertyPath: m_LocalRotation.z
      value: -0
      objectReference: {fileID: 0}
    - target: {fileID: 4417970118013889720, guid: e687836403a4b9b4a9278eef66a3b2d2, type: 3}
      propertyPath: m_LocalEulerAnglesHint.x
      value: 0
      objectReference: {fileID: 0}
    - target: {fileID: 4417970118013889720, guid: e687836403a4b9b4a9278eef66a3b2d2, type: 3}
      propertyPath: m_LocalEulerAnglesHint.y
      value: 0
      objectReference: {fileID: 0}
    - target: {fileID: 4417970118013889720, guid: e687836403a4b9b4a9278eef66a3b2d2, type: 3}
      propertyPath: m_LocalEulerAnglesHint.z
      value: 0
      objectReference: {fileID: 0}
    m_RemovedComponents: []
    m_RemovedGameObjects: []
    m_AddedGameObjects: []
    m_AddedComponents: []
  m_SourcePrefab: {fileID: 100100000, guid: e687836403a4b9b4a9278eef66a3b2d2, type: 3}
--- !u!4 &5893962899099077029 stripped
Transform:
  m_CorrespondingSourceObject: {fileID: 4417970118013889720, guid: e687836403a4b9b4a9278eef66a3b2d2, type: 3}
  m_PrefabInstance: {fileID: 7819472079281186077}
  m_PrefabAsset: {fileID: 0}
