%YAML 1.1
%TAG !u! tag:unity3d.com,2011:
--- !u!29 &1
OcclusionCullingSettings:
  m_ObjectHideFlags: 0
  serializedVersion: 2
  m_OcclusionBakeSettings:
    smallestOccluder: 5
    smallestHole: 0.25
    backfaceThreshold: 100
  m_SceneGUID: 00000000000000000000000000000000
  m_OcclusionCullingData: {fileID: 0}
--- !u!104 &2
RenderSettings:
  m_ObjectHideFlags: 0
  serializedVersion: 9
  m_Fog: 0
  m_FogColor: {r: 0.5, g: 0.5, b: 0.5, a: 1}
  m_FogMode: 3
  m_FogDensity: 0.01
  m_LinearFogStart: 0
  m_LinearFogEnd: 300
  m_AmbientSkyColor: {r: 0.212, g: 0.227, b: 0.259, a: 1}
  m_AmbientEquatorColor: {r: 0.114, g: 0.125, b: 0.133, a: 1}
  m_AmbientGroundColor: {r: 0.047, g: 0.043, b: 0.035, a: 1}
  m_AmbientIntensity: 1
  m_AmbientMode: 3
  m_SubtractiveShadowColor: {r: 0.42, g: 0.478, b: 0.627, a: 1}
  m_SkyboxMaterial: {fileID: 0}
  m_HaloStrength: 0.5
  m_FlareStrength: 1
  m_FlareFadeSpeed: 3
  m_HaloTexture: {fileID: 0}
  m_SpotCookie: {fileID: 10001, guid: 0000000000000000e000000000000000, type: 0}
  m_DefaultReflectionMode: 0
  m_DefaultReflectionResolution: 128
  m_ReflectionBounces: 1
  m_ReflectionIntensity: 1
  m_CustomReflection: {fileID: 0}
  m_Sun: {fileID: 0}
  m_IndirectSpecularColor: {r: 0, g: 0, b: 0, a: 1}
  m_UseRadianceAmbientProbe: 0
--- !u!157 &3
LightmapSettings:
  m_ObjectHideFlags: 0
  serializedVersion: 12
  m_GIWorkflowMode: 1
  m_GISettings:
    serializedVersion: 2
    m_BounceScale: 1
    m_IndirectOutputScale: 1
    m_AlbedoBoost: 1
    m_EnvironmentLightingMode: 0
    m_EnableBakedLightmaps: 0
    m_EnableRealtimeLightmaps: 0
  m_LightmapEditorSettings:
    serializedVersion: 12
    m_Resolution: 2
    m_BakeResolution: 40
    m_AtlasSize: 1024
    m_AO: 0
    m_AOMaxDistance: 1
    m_CompAOExponent: 1
    m_CompAOExponentDirect: 0
    m_ExtractAmbientOcclusion: 0
    m_Padding: 2
    m_LightmapParameters: {fileID: 0}
    m_LightmapsBakeMode: 1
    m_TextureCompression: 1
    m_FinalGather: 0
    m_FinalGatherFiltering: 1
    m_FinalGatherRayCount: 256
    m_ReflectionCompression: 2
    m_MixedBakeMode: 2
    m_BakeBackend: 0
    m_PVRSampling: 1
    m_PVRDirectSampleCount: 32
    m_PVRSampleCount: 500
    m_PVRBounces: 2
    m_PVREnvironmentSampleCount: 500
    m_PVREnvironmentReferencePointCount: 2048
    m_PVRFilteringMode: 2
    m_PVRDenoiserTypeDirect: 0
    m_PVRDenoiserTypeIndirect: 0
    m_PVRDenoiserTypeAO: 0
    m_PVRFilterTypeDirect: 0
    m_PVRFilterTypeIndirect: 0
    m_PVRFilterTypeAO: 0
    m_PVREnvironmentMIS: 0
    m_PVRCulling: 1
    m_PVRFilteringGaussRadiusDirect: 1
    m_PVRFilteringGaussRadiusIndirect: 5
    m_PVRFilteringGaussRadiusAO: 2
    m_PVRFilteringAtrousPositionSigmaDirect: 0.5
    m_PVRFilteringAtrousPositionSigmaIndirect: 2
    m_PVRFilteringAtrousPositionSigmaAO: 1
    m_ExportTrainingData: 0
    m_TrainingDataDestination: TrainingData
    m_LightProbeSampleCountMultiplier: 4
  m_LightingDataAsset: {fileID: 0}
  m_LightingSettings: {fileID: 0}
--- !u!196 &4
NavMeshSettings:
  serializedVersion: 2
  m_ObjectHideFlags: 0
  m_BuildSettings:
    serializedVersion: 3
    agentTypeID: 0
    agentRadius: 0.5
    agentHeight: 2
    agentSlope: 45
    agentClimb: 0.4
    ledgeDropHeight: 0
    maxJumpAcrossDistance: 0
    minRegionArea: 2
    manualCellSize: 0
    cellSize: 0.16666667
    manualTileSize: 0
    tileSize: 256
    buildHeightMesh: 0
    maxJobWorkers: 0
    preserveTilesOutsideBounds: 0
    debug:
      m_Flags: 0
  m_NavMeshData: {fileID: 0}
--- !u!1 &105684311
GameObject:
  m_ObjectHideFlags: 0
  m_CorrespondingSourceObject: {fileID: 0}
  m_PrefabInstance: {fileID: 0}
  m_PrefabAsset: {fileID: 0}
  serializedVersion: 6
  m_Component:
  - component: {fileID: 105684313}
  - component: {fileID: 105684312}
  m_Layer: 0
  m_Name: bamboo bridge
  m_TagString: Untagged
  m_Icon: {fileID: 0}
  m_NavMeshLayer: 0
  m_StaticEditorFlags: 0
  m_IsActive: 1
--- !u!212 &105684312
SpriteRenderer:
  m_ObjectHideFlags: 0
  m_CorrespondingSourceObject: {fileID: 0}
  m_PrefabInstance: {fileID: 0}
  m_PrefabAsset: {fileID: 0}
  m_GameObject: {fileID: 105684311}
  m_Enabled: 1
  m_CastShadows: 0
  m_ReceiveShadows: 0
  m_DynamicOccludee: 1
  m_StaticShadowCaster: 0
  m_MotionVectors: 1
  m_LightProbeUsage: 1
  m_ReflectionProbeUsage: 1
  m_RayTracingMode: 0
  m_RayTraceProcedural: 0
  m_RenderingLayerMask: 1
  m_RendererPriority: 0
  m_Materials:
  - {fileID: 10754, guid: 0000000000000000f000000000000000, type: 0}
  m_StaticBatchInfo:
    firstSubMesh: 0
    subMeshCount: 0
  m_StaticBatchRoot: {fileID: 0}
  m_ProbeAnchor: {fileID: 0}
  m_LightProbeVolumeOverride: {fileID: 0}
  m_ScaleInLightmap: 1
  m_ReceiveGI: 1
  m_PreserveUVs: 0
  m_IgnoreNormalsForChartDetection: 0
  m_ImportantGI: 0
  m_StitchLightmapSeams: 1
  m_SelectedEditorRenderState: 0
  m_MinimumChartSize: 4
  m_AutoUVMaxDistance: 0.5
  m_AutoUVMaxAngle: 89
  m_LightmapParameters: {fileID: 0}
  m_SortingLayerID: 0
  m_SortingLayer: 0
  m_SortingOrder: 0
  m_Sprite: {fileID: 21300000, guid: db92697ff1ba4634ea3bd7efc28d0420, type: 3}
  m_Color: {r: 1, g: 1, b: 1, a: 1}
  m_FlipX: 0
  m_FlipY: 0
  m_DrawMode: 0
  m_Size: {x: 38.399998, y: 21.599998}
  m_AdaptiveModeThreshold: 0.5
  m_SpriteTileMode: 0
  m_WasSpriteAssigned: 1
  m_MaskInteraction: 0
  m_SpriteSortPoint: 0
--- !u!4 &105684313
Transform:
  m_ObjectHideFlags: 0
  m_CorrespondingSourceObject: {fileID: 0}
  m_PrefabInstance: {fileID: 0}
  m_PrefabAsset: {fileID: 0}
  m_GameObject: {fileID: 105684311}
  serializedVersion: 2
  m_LocalRotation: {x: 0, y: 0, z: 0, w: 1}
  m_LocalPosition: {x: -0.0951, y: -0.1323, z: 5}
  m_LocalScale: {x: 0.60801715, y: 0.5378546, z: 0.65529}
  m_ConstrainProportionsScale: 0
  m_Children: []
  m_Father: {fileID: 0}
  m_LocalEulerAnglesHint: {x: 0, y: 0, z: 0}
--- !u!1001 &252830099
PrefabInstance:
  m_ObjectHideFlags: 0
  serializedVersion: 2
  m_Modification:
    serializedVersion: 3
    m_TransformParent: {fileID: 0}
    m_Modifications:
    - target: {fileID: 3177917301940855580, guid: 440c87db9b65b744593727232506bbab, type: 3}
      propertyPath: transition
      value: 
      objectReference: {fileID: 1650662832}
    - target: {fileID: 3177917301940855580, guid: 440c87db9b65b744593727232506bbab, type: 3}
      propertyPath: targetSceneName
      value: Map03
      objectReference: {fileID: 0}
    - target: {fileID: 4543339698226725153, guid: 440c87db9b65b744593727232506bbab, type: 3}
      propertyPath: m_LocalPosition.x
      value: 0
      objectReference: {fileID: 0}
    - target: {fileID: 4543339698226725153, guid: 440c87db9b65b744593727232506bbab, type: 3}
      propertyPath: m_LocalPosition.y
      value: 0
      objectReference: {fileID: 0}
    - target: {fileID: 4543339698226725153, guid: 440c87db9b65b744593727232506bbab, type: 3}
      propertyPath: m_LocalPosition.z
      value: 0
      objectReference: {fileID: 0}
    - target: {fileID: 4543339698226725153, guid: 440c87db9b65b744593727232506bbab, type: 3}
      propertyPath: m_LocalRotation.w
      value: 1
      objectReference: {fileID: 0}
    - target: {fileID: 4543339698226725153, guid: 440c87db9b65b744593727232506bbab, type: 3}
      propertyPath: m_LocalRotation.x
      value: 0
      objectReference: {fileID: 0}
    - target: {fileID: 4543339698226725153, guid: 440c87db9b65b744593727232506bbab, type: 3}
      propertyPath: m_LocalRotation.y
      value: 0
      objectReference: {fileID: 0}
    - target: {fileID: 4543339698226725153, guid: 440c87db9b65b744593727232506bbab, type: 3}
      propertyPath: m_LocalRotation.z
      value: 0
      objectReference: {fileID: 0}
    - target: {fileID: 4543339698226725153, guid: 440c87db9b65b744593727232506bbab, type: 3}
      propertyPath: m_LocalEulerAnglesHint.x
      value: 0
      objectReference: {fileID: 0}
    - target: {fileID: 4543339698226725153, guid: 440c87db9b65b744593727232506bbab, type: 3}
      propertyPath: m_LocalEulerAnglesHint.y
      value: 0
      objectReference: {fileID: 0}
    - target: {fileID: 4543339698226725153, guid: 440c87db9b65b744593727232506bbab, type: 3}
      propertyPath: m_LocalEulerAnglesHint.z
      value: 0
      objectReference: {fileID: 0}
    - target: {fileID: 7859887156314646104, guid: 440c87db9b65b744593727232506bbab, type: 3}
      propertyPath: m_Name
      value: UI-Lose
      objectReference: {fileID: 0}
    m_RemovedComponents: []
    m_RemovedGameObjects: []
    m_AddedGameObjects: []
    m_AddedComponents: []
  m_SourcePrefab: {fileID: 100100000, guid: 440c87db9b65b744593727232506bbab, type: 3}
--- !u!114 &252830100 stripped
MonoBehaviour:
  m_CorrespondingSourceObject: {fileID: 4353141472789272937, guid: 440c87db9b65b744593727232506bbab, type: 3}
  m_PrefabInstance: {fileID: 252830099}
  m_PrefabAsset: {fileID: 0}
  m_GameObject: {fileID: 0}
  m_Enabled: 1
  m_EditorHideFlags: 0
  m_Script: {fileID: 11500000, guid: 71f00b25acfae2f409f9b45358def270, type: 3}
  m_Name: 
  m_EditorClassIdentifier: 
--- !u!1 &519420028
GameObject:
  m_ObjectHideFlags: 0
  m_CorrespondingSourceObject: {fileID: 0}
  m_PrefabInstance: {fileID: 0}
  m_PrefabAsset: {fileID: 0}
  serializedVersion: 6
  m_Component:
  - component: {fileID: 519420032}
  - component: {fileID: 519420031}
  - component: {fileID: 519420029}
  m_Layer: 0
  m_Name: Main Camera
  m_TagString: MainCamera
  m_Icon: {fileID: 0}
  m_NavMeshLayer: 0
  m_StaticEditorFlags: 0
  m_IsActive: 1
--- !u!81 &519420029
AudioListener:
  m_ObjectHideFlags: 0
  m_CorrespondingSourceObject: {fileID: 0}
  m_PrefabInstance: {fileID: 0}
  m_PrefabAsset: {fileID: 0}
  m_GameObject: {fileID: 519420028}
  m_Enabled: 1
--- !u!20 &519420031
Camera:
  m_ObjectHideFlags: 0
  m_CorrespondingSourceObject: {fileID: 0}
  m_PrefabInstance: {fileID: 0}
  m_PrefabAsset: {fileID: 0}
  m_GameObject: {fileID: 519420028}
  m_Enabled: 1
  serializedVersion: 2
  m_ClearFlags: 2
  m_BackGroundColor: {r: 0.19215687, g: 0.3019608, b: 0.4745098, a: 0}
  m_projectionMatrixMode: 1
  m_GateFitMode: 2
  m_FOVAxisMode: 0
  m_Iso: 200
  m_ShutterSpeed: 0.005
  m_Aperture: 16
  m_FocusDistance: 10
  m_FocalLength: 50
  m_BladeCount: 5
  m_Curvature: {x: 2, y: 11}
  m_BarrelClipping: 0.25
  m_Anamorphism: 0
  m_SensorSize: {x: 36, y: 24}
  m_LensShift: {x: 0, y: 0}
  m_NormalizedViewPortRect:
    serializedVersion: 2
    x: 0
    y: 0
    width: 1
    height: 1
  near clip plane: 0.3
  far clip plane: 1000
  field of view: 60
  orthographic: 1
  orthographic size: 5.5738006
  m_Depth: -1
  m_CullingMask:
    serializedVersion: 2
    m_Bits: 4294967295
  m_RenderingPath: -1
  m_TargetTexture: {fileID: 0}
  m_TargetDisplay: 0
  m_TargetEye: 0
  m_HDR: 1
  m_AllowMSAA: 0
  m_AllowDynamicResolution: 0
  m_ForceIntoRT: 0
  m_OcclusionCulling: 0
  m_StereoConvergence: 10
  m_StereoSeparation: 0.022
--- !u!4 &519420032
Transform:
  m_ObjectHideFlags: 0
  m_CorrespondingSourceObject: {fileID: 0}
  m_PrefabInstance: {fileID: 0}
  m_PrefabAsset: {fileID: 0}
  m_GameObject: {fileID: 519420028}
  serializedVersion: 2
  m_LocalRotation: {x: 0, y: 0, z: 0, w: 1}
  m_LocalPosition: {x: 0, y: 0, z: -10}
  m_LocalScale: {x: 1, y: 1, z: 1}
  m_ConstrainProportionsScale: 0
  m_Children: []
  m_Father: {fileID: 0}
  m_LocalEulerAnglesHint: {x: 0, y: 0, z: 0}
--- !u!1 &520042324
GameObject:
  m_ObjectHideFlags: 0
  m_CorrespondingSourceObject: {fileID: 0}
  m_PrefabInstance: {fileID: 0}
  m_PrefabAsset: {fileID: 0}
  serializedVersion: 6
  m_Component:
  - component: {fileID: 520042326}
  - component: {fileID: 520042325}
  m_Layer: 0
  m_Name: QuestionMark
  m_TagString: Untagged
  m_Icon: {fileID: 0}
  m_NavMeshLayer: 0
  m_StaticEditorFlags: 0
  m_IsActive: 1
--- !u!212 &520042325
SpriteRenderer:
  m_ObjectHideFlags: 0
  m_CorrespondingSourceObject: {fileID: 0}
  m_PrefabInstance: {fileID: 0}
  m_PrefabAsset: {fileID: 0}
  m_GameObject: {fileID: 520042324}
  m_Enabled: 1
  m_CastShadows: 0
  m_ReceiveShadows: 0
  m_DynamicOccludee: 1
  m_StaticShadowCaster: 0
  m_MotionVectors: 1
  m_LightProbeUsage: 1
  m_ReflectionProbeUsage: 1
  m_RayTracingMode: 0
  m_RayTraceProcedural: 0
  m_RenderingLayerMask: 1
  m_RendererPriority: 0
  m_Materials:
  - {fileID: 10754, guid: 0000000000000000f000000000000000, type: 0}
  m_StaticBatchInfo:
    firstSubMesh: 0
    subMeshCount: 0
  m_StaticBatchRoot: {fileID: 0}
  m_ProbeAnchor: {fileID: 0}
  m_LightProbeVolumeOverride: {fileID: 0}
  m_ScaleInLightmap: 1
  m_ReceiveGI: 1
  m_PreserveUVs: 0
  m_IgnoreNormalsForChartDetection: 0
  m_ImportantGI: 0
  m_StitchLightmapSeams: 1
  m_SelectedEditorRenderState: 0
  m_MinimumChartSize: 4
  m_AutoUVMaxDistance: 0.5
  m_AutoUVMaxAngle: 89
  m_LightmapParameters: {fileID: 0}
  m_SortingLayerID: 0
  m_SortingLayer: 0
  m_SortingOrder: 0
  m_Sprite: {fileID: 21300000, guid: 2f899d516ecc9cf4fb338a3bfdb9b8b2, type: 3}
  m_Color: {r: 1, g: 1, b: 1, a: 1}
  m_FlipX: 0
  m_FlipY: 0
  m_DrawMode: 0
  m_Size: {x: 1, y: 1}
  m_AdaptiveModeThreshold: 0.5
  m_SpriteTileMode: 0
  m_WasSpriteAssigned: 0
  m_MaskInteraction: 0
  m_SpriteSortPoint: 0
--- !u!4 &520042326
Transform:
  m_ObjectHideFlags: 0
  m_CorrespondingSourceObject: {fileID: 0}
  m_PrefabInstance: {fileID: 0}
  m_PrefabAsset: {fileID: 0}
  m_GameObject: {fileID: 520042324}
  serializedVersion: 2
  m_LocalRotation: {x: 0, y: 0, z: 0, w: 1}
  m_LocalPosition: {x: 10.48, y: 4.44, z: 0}
  m_LocalScale: {x: 1, y: 1, z: 1}
  m_ConstrainProportionsScale: 0
  m_Children: []
  m_Father: {fileID: 0}
  m_LocalEulerAnglesHint: {x: 0, y: 0, z: 0}
--- !u!1001 &675869392
PrefabInstance:
  m_ObjectHideFlags: 0
  serializedVersion: 2
  m_Modification:
    serializedVersion: 3
    m_TransformParent: {fileID: 0}
    m_Modifications:
    - target: {fileID: 1279261670080009511, guid: 0a6bbf1aaeb4c0140ac816534c41c510, type: 3}
      propertyPath: m_Name
      value: Money
      objectReference: {fileID: 0}
    - target: {fileID: 2879877085215447059, guid: 0a6bbf1aaeb4c0140ac816534c41c510, type: 3}
      propertyPath: m_LocalPosition.x
      value: -0.11
      objectReference: {fileID: 0}
    - target: {fileID: 2879877085215447059, guid: 0a6bbf1aaeb4c0140ac816534c41c510, type: 3}
      propertyPath: m_LocalPosition.y
      value: 0.23
      objectReference: {fileID: 0}
    - target: {fileID: 2879877085215447059, guid: 0a6bbf1aaeb4c0140ac816534c41c510, type: 3}
      propertyPath: m_LocalPosition.z
      value: -2.4701297
      objectReference: {fileID: 0}
    - target: {fileID: 2879877085215447059, guid: 0a6bbf1aaeb4c0140ac816534c41c510, type: 3}
      propertyPath: m_LocalRotation.w
      value: 1
      objectReference: {fileID: 0}
    - target: {fileID: 2879877085215447059, guid: 0a6bbf1aaeb4c0140ac816534c41c510, type: 3}
      propertyPath: m_LocalRotation.x
      value: 0
      objectReference: {fileID: 0}
    - target: {fileID: 2879877085215447059, guid: 0a6bbf1aaeb4c0140ac816534c41c510, type: 3}
      propertyPath: m_LocalRotation.y
      value: 0
      objectReference: {fileID: 0}
    - target: {fileID: 2879877085215447059, guid: 0a6bbf1aaeb4c0140ac816534c41c510, type: 3}
      propertyPath: m_LocalRotation.z
      value: 0
      objectReference: {fileID: 0}
    - target: {fileID: 2879877085215447059, guid: 0a6bbf1aaeb4c0140ac816534c41c510, type: 3}
      propertyPath: m_LocalEulerAnglesHint.x
      value: 0
      objectReference: {fileID: 0}
    - target: {fileID: 2879877085215447059, guid: 0a6bbf1aaeb4c0140ac816534c41c510, type: 3}
      propertyPath: m_LocalEulerAnglesHint.y
      value: 0
      objectReference: {fileID: 0}
    - target: {fileID: 2879877085215447059, guid: 0a6bbf1aaeb4c0140ac816534c41c510, type: 3}
      propertyPath: m_LocalEulerAnglesHint.z
      value: 0
      objectReference: {fileID: 0}
    - target: {fileID: 8221233628520357477, guid: 0a6bbf1aaeb4c0140ac816534c41c510, type: 3}
      propertyPath: witchCounter
      value: 
      objectReference: {fileID: 1356007030999028715}
    m_RemovedComponents: []
    m_RemovedGameObjects: []
    m_AddedGameObjects: []
    m_AddedComponents: []
  m_SourcePrefab: {fileID: 100100000, guid: 0a6bbf1aaeb4c0140ac816534c41c510, type: 3}
--- !u!114 &675869393 stripped
MonoBehaviour:
  m_CorrespondingSourceObject: {fileID: 8221233628520357477, guid: 0a6bbf1aaeb4c0140ac816534c41c510, type: 3}
  m_PrefabInstance: {fileID: 675869392}
  m_PrefabAsset: {fileID: 0}
  m_GameObject: {fileID: 0}
  m_Enabled: 1
  m_EditorHideFlags: 0
  m_Script: {fileID: 11500000, guid: 389a45730f2a56440a4aea56cdf2b32a, type: 3}
  m_Name: 
  m_EditorClassIdentifier: 
--- !u!1 &706682834
GameObject:
  m_ObjectHideFlags: 0
  m_CorrespondingSourceObject: {fileID: 0}
  m_PrefabInstance: {fileID: 0}
  m_PrefabAsset: {fileID: 0}
  serializedVersion: 6
  m_Component:
  - component: {fileID: 706682836}
  - component: {fileID: 706682835}
  m_Layer: 0
  m_Name: Pause
  m_TagString: Untagged
  m_Icon: {fileID: 0}
  m_NavMeshLayer: 0
  m_StaticEditorFlags: 0
  m_IsActive: 1
--- !u!212 &706682835
SpriteRenderer:
  m_ObjectHideFlags: 0
  m_CorrespondingSourceObject: {fileID: 0}
  m_PrefabInstance: {fileID: 0}
  m_PrefabAsset: {fileID: 0}
  m_GameObject: {fileID: 706682834}
  m_Enabled: 1
  m_CastShadows: 0
  m_ReceiveShadows: 0
  m_DynamicOccludee: 1
  m_StaticShadowCaster: 0
  m_MotionVectors: 1
  m_LightProbeUsage: 1
  m_ReflectionProbeUsage: 1
  m_RayTracingMode: 0
  m_RayTraceProcedural: 0
  m_RenderingLayerMask: 1
  m_RendererPriority: 0
  m_Materials:
  - {fileID: 10754, guid: 0000000000000000f000000000000000, type: 0}
  m_StaticBatchInfo:
    firstSubMesh: 0
    subMeshCount: 0
  m_StaticBatchRoot: {fileID: 0}
  m_ProbeAnchor: {fileID: 0}
  m_LightProbeVolumeOverride: {fileID: 0}
  m_ScaleInLightmap: 1
  m_ReceiveGI: 1
  m_PreserveUVs: 0
  m_IgnoreNormalsForChartDetection: 0
  m_ImportantGI: 0
  m_StitchLightmapSeams: 1
  m_SelectedEditorRenderState: 0
  m_MinimumChartSize: 4
  m_AutoUVMaxDistance: 0.5
  m_AutoUVMaxAngle: 89
  m_LightmapParameters: {fileID: 0}
  m_SortingLayerID: 0
  m_SortingLayer: 0
  m_SortingOrder: 0
  m_Sprite: {fileID: 21300000, guid: 744eef1f9d0db2c419465e2a811ea151, type: 3}
  m_Color: {r: 1, g: 1, b: 1, a: 1}
  m_FlipX: 0
  m_FlipY: 0
  m_DrawMode: 0
  m_Size: {x: 1, y: 1}
  m_AdaptiveModeThreshold: 0.5
  m_SpriteTileMode: 0
  m_WasSpriteAssigned: 0
  m_MaskInteraction: 0
  m_SpriteSortPoint: 0
--- !u!4 &706682836
Transform:
  m_ObjectHideFlags: 0
  m_CorrespondingSourceObject: {fileID: 0}
  m_PrefabInstance: {fileID: 0}
  m_PrefabAsset: {fileID: 0}
  m_GameObject: {fileID: 706682834}
  serializedVersion: 2
  m_LocalRotation: {x: 0, y: 0, z: 0, w: 1}
  m_LocalPosition: {x: 8.36, y: 4.41, z: 0}
  m_LocalScale: {x: 1, y: 1, z: 1}
  m_ConstrainProportionsScale: 0
  m_Children: []
  m_Father: {fileID: 0}
  m_LocalEulerAnglesHint: {x: 0, y: 0, z: 0}
--- !u!1 &760499555
GameObject:
  m_ObjectHideFlags: 0
  m_CorrespondingSourceObject: {fileID: 0}
  m_PrefabInstance: {fileID: 0}
  m_PrefabAsset: {fileID: 0}
  serializedVersion: 6
  m_Component:
  - component: {fileID: 760499557}
  - component: {fileID: 760499556}
  m_Layer: 0
  m_Name: bamboo_4
  m_TagString: Untagged
  m_Icon: {fileID: 0}
  m_NavMeshLayer: 0
  m_StaticEditorFlags: 0
  m_IsActive: 1
--- !u!212 &760499556
SpriteRenderer:
  m_ObjectHideFlags: 0
  m_CorrespondingSourceObject: {fileID: 0}
  m_PrefabInstance: {fileID: 0}
  m_PrefabAsset: {fileID: 0}
  m_GameObject: {fileID: 760499555}
  m_Enabled: 1
  m_CastShadows: 0
  m_ReceiveShadows: 0
  m_DynamicOccludee: 1
  m_StaticShadowCaster: 0
  m_MotionVectors: 1
  m_LightProbeUsage: 1
  m_ReflectionProbeUsage: 1
  m_RayTracingMode: 0
  m_RayTraceProcedural: 0
  m_RenderingLayerMask: 1
  m_RendererPriority: 0
  m_Materials:
  - {fileID: 10754, guid: 0000000000000000f000000000000000, type: 0}
  m_StaticBatchInfo:
    firstSubMesh: 0
    subMeshCount: 0
  m_StaticBatchRoot: {fileID: 0}
  m_ProbeAnchor: {fileID: 0}
  m_LightProbeVolumeOverride: {fileID: 0}
  m_ScaleInLightmap: 1
  m_ReceiveGI: 1
  m_PreserveUVs: 0
  m_IgnoreNormalsForChartDetection: 0
  m_ImportantGI: 0
  m_StitchLightmapSeams: 1
  m_SelectedEditorRenderState: 0
  m_MinimumChartSize: 4
  m_AutoUVMaxDistance: 0.5
  m_AutoUVMaxAngle: 89
  m_LightmapParameters: {fileID: 0}
  m_SortingLayerID: 0
  m_SortingLayer: 0
  m_SortingOrder: 0
  m_Sprite: {fileID: 888020473, guid: b13627048f69d554cbbd361047ac9b24, type: 3}
  m_Color: {r: 1, g: 1, b: 1, a: 1}
  m_FlipX: 0
  m_FlipY: 0
  m_DrawMode: 0
  m_Size: {x: 38.402664, y: 4.88}
  m_AdaptiveModeThreshold: 0.5
  m_SpriteTileMode: 0
  m_WasSpriteAssigned: 1
  m_MaskInteraction: 0
  m_SpriteSortPoint: 0
--- !u!4 &760499557
Transform:
  m_ObjectHideFlags: 0
  m_CorrespondingSourceObject: {fileID: 0}
  m_PrefabInstance: {fileID: 0}
  m_PrefabAsset: {fileID: 0}
  m_GameObject: {fileID: 760499555}
  serializedVersion: 2
  m_LocalRotation: {x: 0, y: 0, z: 0, w: 1}
  m_LocalPosition: {x: -0.096, y: -4.5231, z: -4.8}
  m_LocalScale: {x: 0.607262, y: 0.53318983, z: 0.619426}
  m_ConstrainProportionsScale: 0
  m_Children: []
  m_Father: {fileID: 0}
  m_LocalEulerAnglesHint: {x: 0, y: 0, z: 0}
--- !u!1001 &1118552357
PrefabInstance:
  m_ObjectHideFlags: 0
  serializedVersion: 2
  m_Modification:
    serializedVersion: 3
    m_TransformParent: {fileID: 0}
    m_Modifications:
    - target: {fileID: 1135388346539384070, guid: 273ccf9f2f2ffd142b8e5c92c8a9a760, type: 3}
      propertyPath: round
      value: 3
      objectReference: {fileID: 0}
    - target: {fileID: 1135388346539384070, guid: 273ccf9f2f2ffd142b8e5c92c8a9a760, type: 3}
      propertyPath: dialogUI
      value: 
      objectReference: {fileID: 1248987030}
    - target: {fileID: 1135388346539384070, guid: 273ccf9f2f2ffd142b8e5c92c8a9a760, type: 3}
      propertyPath: dialogUILose
      value: 
      objectReference: {fileID: 252830100}
    - target: {fileID: 1135388346539384070, guid: 273ccf9f2f2ffd142b8e5c92c8a9a760, type: 3}
      propertyPath: castleManager
      value: 
      objectReference: {fileID: 3670213291979316799}
    - target: {fileID: 1135388346539384070, guid: 273ccf9f2f2ffd142b8e5c92c8a9a760, type: 3}
      propertyPath: dialogUISetting
      value: 
      objectReference: {fileID: 1248987030}
    - target: {fileID: 1135388346539384070, guid: 273ccf9f2f2ffd142b8e5c92c8a9a760, type: 3}
      propertyPath: dialogUIVictory
      value: 
      objectReference: {fileID: 1410641055}
    - target: {fileID: 1956609904359611206, guid: 273ccf9f2f2ffd142b8e5c92c8a9a760, type: 3}
      propertyPath: m_LocalPosition.x
      value: 0.2359321
      objectReference: {fileID: 0}
    - target: {fileID: 1956609904359611206, guid: 273ccf9f2f2ffd142b8e5c92c8a9a760, type: 3}
      propertyPath: m_LocalPosition.y
      value: -0.71664554
      objectReference: {fileID: 0}
    - target: {fileID: 1956609904359611206, guid: 273ccf9f2f2ffd142b8e5c92c8a9a760, type: 3}
      propertyPath: m_LocalPosition.z
      value: 635.8121
      objectReference: {fileID: 0}
    - target: {fileID: 1956609904359611206, guid: 273ccf9f2f2ffd142b8e5c92c8a9a760, type: 3}
      propertyPath: m_LocalRotation.w
      value: 1
      objectReference: {fileID: 0}
    - target: {fileID: 1956609904359611206, guid: 273ccf9f2f2ffd142b8e5c92c8a9a760, type: 3}
      propertyPath: m_LocalRotation.x
      value: 0
      objectReference: {fileID: 0}
    - target: {fileID: 1956609904359611206, guid: 273ccf9f2f2ffd142b8e5c92c8a9a760, type: 3}
      propertyPath: m_LocalRotation.y
      value: 0
      objectReference: {fileID: 0}
    - target: {fileID: 1956609904359611206, guid: 273ccf9f2f2ffd142b8e5c92c8a9a760, type: 3}
      propertyPath: m_LocalRotation.z
      value: 0
      objectReference: {fileID: 0}
    - target: {fileID: 1956609904359611206, guid: 273ccf9f2f2ffd142b8e5c92c8a9a760, type: 3}
      propertyPath: m_LocalEulerAnglesHint.x
      value: 0
      objectReference: {fileID: 0}
    - target: {fileID: 1956609904359611206, guid: 273ccf9f2f2ffd142b8e5c92c8a9a760, type: 3}
      propertyPath: m_LocalEulerAnglesHint.y
      value: 0
      objectReference: {fileID: 0}
    - target: {fileID: 1956609904359611206, guid: 273ccf9f2f2ffd142b8e5c92c8a9a760, type: 3}
      propertyPath: m_LocalEulerAnglesHint.z
      value: 0
      objectReference: {fileID: 0}
    - target: {fileID: 8570914259864333098, guid: 273ccf9f2f2ffd142b8e5c92c8a9a760, type: 3}
      propertyPath: m_Name
      value: GameControl
      objectReference: {fileID: 0}
    m_RemovedComponents: []
    m_RemovedGameObjects: []
    m_AddedGameObjects: []
    m_AddedComponents: []
  m_SourcePrefab: {fileID: 100100000, guid: 273ccf9f2f2ffd142b8e5c92c8a9a760, type: 3}
--- !u!1001 &1248987029
PrefabInstance:
  m_ObjectHideFlags: 0
  serializedVersion: 2
  m_Modification:
    serializedVersion: 3
    m_TransformParent: {fileID: 0}
    m_Modifications:
    - target: {fileID: 1793472486267519796, guid: 3a23aed08089a1e4cb4c10b196e37832, type: 3}
      propertyPath: m_AnchorMax.x
      value: 0
      objectReference: {fileID: 0}
    - target: {fileID: 1793472486267519796, guid: 3a23aed08089a1e4cb4c10b196e37832, type: 3}
      propertyPath: m_AnchorMax.y
      value: 0
      objectReference: {fileID: 0}
    - target: {fileID: 1793472486267519796, guid: 3a23aed08089a1e4cb4c10b196e37832, type: 3}
      propertyPath: m_AnchorMin.x
      value: 0
      objectReference: {fileID: 0}
    - target: {fileID: 2298715139129409049, guid: 3a23aed08089a1e4cb4c10b196e37832, type: 3}
      propertyPath: m_AnchorMax.x
      value: 0
      objectReference: {fileID: 0}
    - target: {fileID: 2298715139129409049, guid: 3a23aed08089a1e4cb4c10b196e37832, type: 3}
      propertyPath: m_AnchorMax.y
      value: 0
      objectReference: {fileID: 0}
    - target: {fileID: 2864514268734427049, guid: 3a23aed08089a1e4cb4c10b196e37832, type: 3}
      propertyPath: m_AnchoredPosition.x
      value: 17.5
      objectReference: {fileID: 0}
    - target: {fileID: 2985091641259033995, guid: 3a23aed08089a1e4cb4c10b196e37832, type: 3}
      propertyPath: m_AnchorMax.x
      value: 0
      objectReference: {fileID: 0}
    - target: {fileID: 2985091641259033995, guid: 3a23aed08089a1e4cb4c10b196e37832, type: 3}
      propertyPath: m_AnchorMax.y
      value: 0
      objectReference: {fileID: 0}
    - target: {fileID: 2985091641259033995, guid: 3a23aed08089a1e4cb4c10b196e37832, type: 3}
      propertyPath: m_AnchorMin.x
      value: 0
      objectReference: {fileID: 0}
    - target: {fileID: 3343977200734763174, guid: 3a23aed08089a1e4cb4c10b196e37832, type: 3}
      propertyPath: m_AnchorMax.x
      value: 0
      objectReference: {fileID: 0}
    - target: {fileID: 3343977200734763174, guid: 3a23aed08089a1e4cb4c10b196e37832, type: 3}
      propertyPath: m_AnchorMax.y
      value: 0
      objectReference: {fileID: 0}
    - target: {fileID: 4912863950511701120, guid: 3a23aed08089a1e4cb4c10b196e37832, type: 3}
      propertyPath: targetSceneName
      value: Map03
      objectReference: {fileID: 0}
    - target: {fileID: 7265259376353224248, guid: 3a23aed08089a1e4cb4c10b196e37832, type: 3}
      propertyPath: transition
      value: 
      objectReference: {fileID: 1650662832}
    - target: {fileID: 7405124913775848409, guid: 3a23aed08089a1e4cb4c10b196e37832, type: 3}
      propertyPath: m_Name
      value: Setting-UI
      objectReference: {fileID: 0}
    - target: {fileID: 9048398812369884052, guid: 3a23aed08089a1e4cb4c10b196e37832, type: 3}
      propertyPath: m_LocalPosition.x
      value: 0
      objectReference: {fileID: 0}
    - target: {fileID: 9048398812369884052, guid: 3a23aed08089a1e4cb4c10b196e37832, type: 3}
      propertyPath: m_LocalPosition.y
      value: 0
      objectReference: {fileID: 0}
    - target: {fileID: 9048398812369884052, guid: 3a23aed08089a1e4cb4c10b196e37832, type: 3}
      propertyPath: m_LocalPosition.z
      value: 0
      objectReference: {fileID: 0}
    - target: {fileID: 9048398812369884052, guid: 3a23aed08089a1e4cb4c10b196e37832, type: 3}
      propertyPath: m_LocalRotation.w
      value: 1
      objectReference: {fileID: 0}
    - target: {fileID: 9048398812369884052, guid: 3a23aed08089a1e4cb4c10b196e37832, type: 3}
      propertyPath: m_LocalRotation.x
      value: 0
      objectReference: {fileID: 0}
    - target: {fileID: 9048398812369884052, guid: 3a23aed08089a1e4cb4c10b196e37832, type: 3}
      propertyPath: m_LocalRotation.y
      value: 0
      objectReference: {fileID: 0}
    - target: {fileID: 9048398812369884052, guid: 3a23aed08089a1e4cb4c10b196e37832, type: 3}
      propertyPath: m_LocalRotation.z
      value: 0
      objectReference: {fileID: 0}
    - target: {fileID: 9048398812369884052, guid: 3a23aed08089a1e4cb4c10b196e37832, type: 3}
      propertyPath: m_LocalEulerAnglesHint.x
      value: 0
      objectReference: {fileID: 0}
    - target: {fileID: 9048398812369884052, guid: 3a23aed08089a1e4cb4c10b196e37832, type: 3}
      propertyPath: m_LocalEulerAnglesHint.y
      value: 0
      objectReference: {fileID: 0}
    - target: {fileID: 9048398812369884052, guid: 3a23aed08089a1e4cb4c10b196e37832, type: 3}
      propertyPath: m_LocalEulerAnglesHint.z
      value: 0
      objectReference: {fileID: 0}
    m_RemovedComponents: []
    m_RemovedGameObjects: []
    m_AddedGameObjects: []
    m_AddedComponents: []
  m_SourcePrefab: {fileID: 100100000, guid: 3a23aed08089a1e4cb4c10b196e37832, type: 3}
--- !u!114 &1248987030 stripped
MonoBehaviour:
  m_CorrespondingSourceObject: {fileID: 2388235164395098217, guid: 3a23aed08089a1e4cb4c10b196e37832, type: 3}
  m_PrefabInstance: {fileID: 1248987029}
  m_PrefabAsset: {fileID: 0}
  m_GameObject: {fileID: 0}
  m_Enabled: 1
  m_EditorHideFlags: 0
  m_Script: {fileID: 11500000, guid: 71f00b25acfae2f409f9b45358def270, type: 3}
  m_Name: 
  m_EditorClassIdentifier: 
--- !u!1 &1403361550
GameObject:
  m_ObjectHideFlags: 0
  m_CorrespondingSourceObject: {fileID: 0}
  m_PrefabInstance: {fileID: 0}
  m_PrefabAsset: {fileID: 0}
  serializedVersion: 6
  m_Component:
  - component: {fileID: 1403361552}
  - component: {fileID: 1403361551}
  m_Layer: 0
  m_Name: Menu
  m_TagString: Untagged
  m_Icon: {fileID: 0}
  m_NavMeshLayer: 0
  m_StaticEditorFlags: 0
  m_IsActive: 1
--- !u!212 &1403361551
SpriteRenderer:
  m_ObjectHideFlags: 0
  m_CorrespondingSourceObject: {fileID: 0}
  m_PrefabInstance: {fileID: 0}
  m_PrefabAsset: {fileID: 0}
  m_GameObject: {fileID: 1403361550}
  m_Enabled: 1
  m_CastShadows: 0
  m_ReceiveShadows: 0
  m_DynamicOccludee: 1
  m_StaticShadowCaster: 0
  m_MotionVectors: 1
  m_LightProbeUsage: 1
  m_ReflectionProbeUsage: 1
  m_RayTracingMode: 0
  m_RayTraceProcedural: 0
  m_RenderingLayerMask: 1
  m_RendererPriority: 0
  m_Materials:
  - {fileID: 10754, guid: 0000000000000000f000000000000000, type: 0}
  m_StaticBatchInfo:
    firstSubMesh: 0
    subMeshCount: 0
  m_StaticBatchRoot: {fileID: 0}
  m_ProbeAnchor: {fileID: 0}
  m_LightProbeVolumeOverride: {fileID: 0}
  m_ScaleInLightmap: 1
  m_ReceiveGI: 1
  m_PreserveUVs: 0
  m_IgnoreNormalsForChartDetection: 0
  m_ImportantGI: 0
  m_StitchLightmapSeams: 1
  m_SelectedEditorRenderState: 0
  m_MinimumChartSize: 4
  m_AutoUVMaxDistance: 0.5
  m_AutoUVMaxAngle: 89
  m_LightmapParameters: {fileID: 0}
  m_SortingLayerID: 0
  m_SortingLayer: 0
  m_SortingOrder: 0
  m_Sprite: {fileID: 21300000, guid: 14f5118ff1b0aa249810635a6276fb2a, type: 3}
  m_Color: {r: 1, g: 1, b: 1, a: 1}
  m_FlipX: 0
  m_FlipY: 0
  m_DrawMode: 0
  m_Size: {x: 1, y: 1}
  m_AdaptiveModeThreshold: 0.5
  m_SpriteTileMode: 0
  m_WasSpriteAssigned: 0
  m_MaskInteraction: 0
  m_SpriteSortPoint: 0
--- !u!4 &1403361552
Transform:
  m_ObjectHideFlags: 0
  m_CorrespondingSourceObject: {fileID: 0}
  m_PrefabInstance: {fileID: 0}
  m_PrefabAsset: {fileID: 0}
  m_GameObject: {fileID: 1403361550}
  serializedVersion: 2
  m_LocalRotation: {x: 0, y: 0, z: 0, w: 1}
  m_LocalPosition: {x: 9.45, y: 4.42, z: 0}
  m_LocalScale: {x: 1, y: 1, z: 1}
  m_ConstrainProportionsScale: 0
  m_Children: []
  m_Father: {fileID: 0}
  m_LocalEulerAnglesHint: {x: 0, y: 0, z: 0}
--- !u!1001 &1410641054
PrefabInstance:
  m_ObjectHideFlags: 0
  serializedVersion: 2
  m_Modification:
    serializedVersion: 3
    m_TransformParent: {fileID: 0}
    m_Modifications:
    - target: {fileID: 2722146360235177075, guid: 2c664d124e13a5a4f88365cf1bbfc9bb, type: 3}
      propertyPath: m_AnchoredPosition.x
      value: 18
      objectReference: {fileID: 0}
    - target: {fileID: 3117493043933079605, guid: 2c664d124e13a5a4f88365cf1bbfc9bb, type: 3}
      propertyPath: m_LocalPosition.x
      value: 0
      objectReference: {fileID: 0}
    - target: {fileID: 3117493043933079605, guid: 2c664d124e13a5a4f88365cf1bbfc9bb, type: 3}
      propertyPath: m_LocalPosition.y
      value: 0
      objectReference: {fileID: 0}
    - target: {fileID: 3117493043933079605, guid: 2c664d124e13a5a4f88365cf1bbfc9bb, type: 3}
      propertyPath: m_LocalPosition.z
      value: 0
      objectReference: {fileID: 0}
    - target: {fileID: 3117493043933079605, guid: 2c664d124e13a5a4f88365cf1bbfc9bb, type: 3}
      propertyPath: m_LocalRotation.w
      value: 1
      objectReference: {fileID: 0}
    - target: {fileID: 3117493043933079605, guid: 2c664d124e13a5a4f88365cf1bbfc9bb, type: 3}
      propertyPath: m_LocalRotation.x
      value: 0
      objectReference: {fileID: 0}
    - target: {fileID: 3117493043933079605, guid: 2c664d124e13a5a4f88365cf1bbfc9bb, type: 3}
      propertyPath: m_LocalRotation.y
      value: 0
      objectReference: {fileID: 0}
    - target: {fileID: 3117493043933079605, guid: 2c664d124e13a5a4f88365cf1bbfc9bb, type: 3}
      propertyPath: m_LocalRotation.z
      value: 0
      objectReference: {fileID: 0}
    - target: {fileID: 3117493043933079605, guid: 2c664d124e13a5a4f88365cf1bbfc9bb, type: 3}
      propertyPath: m_LocalEulerAnglesHint.x
      value: 0
      objectReference: {fileID: 0}
    - target: {fileID: 3117493043933079605, guid: 2c664d124e13a5a4f88365cf1bbfc9bb, type: 3}
      propertyPath: m_LocalEulerAnglesHint.y
      value: 0
      objectReference: {fileID: 0}
    - target: {fileID: 3117493043933079605, guid: 2c664d124e13a5a4f88365cf1bbfc9bb, type: 3}
      propertyPath: m_LocalEulerAnglesHint.z
      value: 0
      objectReference: {fileID: 0}
    - target: {fileID: 6197983362670885760, guid: 2c664d124e13a5a4f88365cf1bbfc9bb, type: 3}
      propertyPath: m_Sprite
      value: 
      objectReference: {fileID: 21300000, guid: b87bc143c4d95fa41ade977749a1d63e, type: 3}
    - target: {fileID: 6222265977804286784, guid: 2c664d124e13a5a4f88365cf1bbfc9bb, type: 3}
      propertyPath: m_Name
      value: UI-Victory
      objectReference: {fileID: 0}
    - target: {fileID: 7394663260791019038, guid: 2c664d124e13a5a4f88365cf1bbfc9bb, type: 3}
      propertyPath: transition
      value: 
      objectReference: {fileID: 1650662832}
    - target: {fileID: 7394663260791019038, guid: 2c664d124e13a5a4f88365cf1bbfc9bb, type: 3}
      propertyPath: targetSceneName
      value: Menu
      objectReference: {fileID: 0}
    - target: {fileID: 7954965397007967860, guid: 2c664d124e13a5a4f88365cf1bbfc9bb, type: 3}
      propertyPath: transition
      value: 
      objectReference: {fileID: 1650662832}
    - target: {fileID: 7954965397007967860, guid: 2c664d124e13a5a4f88365cf1bbfc9bb, type: 3}
      propertyPath: targetSceneName
      value: Map03
      objectReference: {fileID: 0}
    m_RemovedComponents: []
    m_RemovedGameObjects:
    - {fileID: 8080630205704325669, guid: 2c664d124e13a5a4f88365cf1bbfc9bb, type: 3}
    m_AddedGameObjects: []
    m_AddedComponents: []
  m_SourcePrefab: {fileID: 100100000, guid: 2c664d124e13a5a4f88365cf1bbfc9bb, type: 3}
--- !u!114 &1410641055 stripped
MonoBehaviour:
  m_CorrespondingSourceObject: {fileID: 4297065243492962939, guid: 2c664d124e13a5a4f88365cf1bbfc9bb, type: 3}
  m_PrefabInstance: {fileID: 1410641054}
  m_PrefabAsset: {fileID: 0}
  m_GameObject: {fileID: 0}
  m_Enabled: 1
  m_EditorHideFlags: 0
  m_Script: {fileID: 11500000, guid: 71f00b25acfae2f409f9b45358def270, type: 3}
  m_Name: 
  m_EditorClassIdentifier: 
--- !u!1001 &1563785504
PrefabInstance:
  m_ObjectHideFlags: 0
  serializedVersion: 2
  m_Modification:
    serializedVersion: 3
    m_TransformParent: {fileID: 0}
    m_Modifications:
    - target: {fileID: 5837154032578512863, guid: aba052349edb9a146bf30e5fcdf1c5b6, type: 3}
      propertyPath: aniSpeed
      value: 0.4
      objectReference: {fileID: 0}
    - target: {fileID: 7274918069309628580, guid: aba052349edb9a146bf30e5fcdf1c5b6, type: 3}
      propertyPath: m_Name
      value: EnemySpawner
      objectReference: {fileID: 0}
    - target: {fileID: 7905414919751774103, guid: aba052349edb9a146bf30e5fcdf1c5b6, type: 3}
      propertyPath: m_LocalPosition.x
      value: 6.01
      objectReference: {fileID: 0}
    - target: {fileID: 7905414919751774103, guid: aba052349edb9a146bf30e5fcdf1c5b6, type: 3}
      propertyPath: m_LocalPosition.y
      value: -4.83
      objectReference: {fileID: 0}
    - target: {fileID: 7905414919751774103, guid: aba052349edb9a146bf30e5fcdf1c5b6, type: 3}
      propertyPath: m_LocalPosition.z
      value: 0.5971632
      objectReference: {fileID: 0}
    - target: {fileID: 7905414919751774103, guid: aba052349edb9a146bf30e5fcdf1c5b6, type: 3}
      propertyPath: m_LocalRotation.w
      value: 1
      objectReference: {fileID: 0}
    - target: {fileID: 7905414919751774103, guid: aba052349edb9a146bf30e5fcdf1c5b6, type: 3}
      propertyPath: m_LocalRotation.x
      value: 0
      objectReference: {fileID: 0}
    - target: {fileID: 7905414919751774103, guid: aba052349edb9a146bf30e5fcdf1c5b6, type: 3}
      propertyPath: m_LocalRotation.y
      value: 0
      objectReference: {fileID: 0}
    - target: {fileID: 7905414919751774103, guid: aba052349edb9a146bf30e5fcdf1c5b6, type: 3}
      propertyPath: m_LocalRotation.z
      value: 0
      objectReference: {fileID: 0}
    - target: {fileID: 7905414919751774103, guid: aba052349edb9a146bf30e5fcdf1c5b6, type: 3}
      propertyPath: m_LocalEulerAnglesHint.x
      value: 0
      objectReference: {fileID: 0}
    - target: {fileID: 7905414919751774103, guid: aba052349edb9a146bf30e5fcdf1c5b6, type: 3}
      propertyPath: m_LocalEulerAnglesHint.y
      value: 0
      objectReference: {fileID: 0}
    - target: {fileID: 7905414919751774103, guid: aba052349edb9a146bf30e5fcdf1c5b6, type: 3}
      propertyPath: m_LocalEulerAnglesHint.z
      value: 0
      objectReference: {fileID: 0}
    - target: {fileID: 8588495203933210911, guid: aba052349edb9a146bf30e5fcdf1c5b6, type: 3}
      propertyPath: minY
      value: -3.85
      objectReference: {fileID: 0}
    - target: {fileID: 8588495203933210911, guid: aba052349edb9a146bf30e5fcdf1c5b6, type: 3}
      propertyPath: bossMark
      value: 
      objectReference: {fileID: 8300000, guid: 33c6e9996e8678143a0799de2adcee79, type: 3}
    - target: {fileID: 8588495203933210911, guid: aba052349edb9a146bf30e5fcdf1c5b6, type: 3}
      propertyPath: m_Enabled
      value: 1
      objectReference: {fileID: 0}
    - target: {fileID: 8588495203933210911, guid: aba052349edb9a146bf30e5fcdf1c5b6, type: 3}
      propertyPath: bossPrefab
      value: 
      objectReference: {fileID: 3841412243545305619, guid: 9b7571e76b7283e488033d38a6678881, type: 3}
    - target: {fileID: 8588495203933210911, guid: aba052349edb9a146bf30e5fcdf1c5b6, type: 3}
      propertyPath: skeletonPrefab
      value: 
      objectReference: {fileID: 5040286540090390373, guid: 9e0126e846ceeae4ca6e7f6ab7532a8a, type: 3}
    m_RemovedComponents: []
    m_RemovedGameObjects: []
    m_AddedGameObjects: []
    m_AddedComponents: []
  m_SourcePrefab: {fileID: 100100000, guid: aba052349edb9a146bf30e5fcdf1c5b6, type: 3}
--- !u!1001 &1650662831
PrefabInstance:
  m_ObjectHideFlags: 0
  serializedVersion: 2
  m_Modification:
    serializedVersion: 3
    m_TransformParent: {fileID: 0}
    m_Modifications:
    - target: {fileID: 532381434200374350, guid: 1952e5d44bd35144194bfefd95613433, type: 3}
      propertyPath: m_Name
      value: LoadLevel
      objectReference: {fileID: 0}
    - target: {fileID: 2120782211992461001, guid: 1952e5d44bd35144194bfefd95613433, type: 3}
      propertyPath: m_LocalPosition.x
      value: 1437.1975
      objectReference: {fileID: 0}
    - target: {fileID: 2120782211992461001, guid: 1952e5d44bd35144194bfefd95613433, type: 3}
      propertyPath: m_LocalPosition.y
      value: 540.79913
      objectReference: {fileID: 0}
    - target: {fileID: 2120782211992461001, guid: 1952e5d44bd35144194bfefd95613433, type: 3}
      propertyPath: m_LocalPosition.z
      value: -15.499418
      objectReference: {fileID: 0}
    - target: {fileID: 2120782211992461001, guid: 1952e5d44bd35144194bfefd95613433, type: 3}
      propertyPath: m_LocalRotation.w
      value: 1
      objectReference: {fileID: 0}
    - target: {fileID: 2120782211992461001, guid: 1952e5d44bd35144194bfefd95613433, type: 3}
      propertyPath: m_LocalRotation.x
      value: 0
      objectReference: {fileID: 0}
    - target: {fileID: 2120782211992461001, guid: 1952e5d44bd35144194bfefd95613433, type: 3}
      propertyPath: m_LocalRotation.y
      value: 0
      objectReference: {fileID: 0}
    - target: {fileID: 2120782211992461001, guid: 1952e5d44bd35144194bfefd95613433, type: 3}
      propertyPath: m_LocalRotation.z
      value: 0
      objectReference: {fileID: 0}
    - target: {fileID: 2120782211992461001, guid: 1952e5d44bd35144194bfefd95613433, type: 3}
      propertyPath: m_LocalEulerAnglesHint.x
      value: 0
      objectReference: {fileID: 0}
    - target: {fileID: 2120782211992461001, guid: 1952e5d44bd35144194bfefd95613433, type: 3}
      propertyPath: m_LocalEulerAnglesHint.y
      value: 0
      objectReference: {fileID: 0}
    - target: {fileID: 2120782211992461001, guid: 1952e5d44bd35144194bfefd95613433, type: 3}
      propertyPath: m_LocalEulerAnglesHint.z
      value: 0
      objectReference: {fileID: 0}
    m_RemovedComponents: []
    m_RemovedGameObjects: []
    m_AddedGameObjects: []
    m_AddedComponents: []
  m_SourcePrefab: {fileID: 100100000, guid: 1952e5d44bd35144194bfefd95613433, type: 3}
--- !u!95 &1650662832 stripped
Animator:
  m_CorrespondingSourceObject: {fileID: 6429782921872685313, guid: 1952e5d44bd35144194bfefd95613433, type: 3}
  m_PrefabInstance: {fileID: 1650662831}
  m_PrefabAsset: {fileID: 0}
--- !u!1001 &2010635153
PrefabInstance:
  m_ObjectHideFlags: 0
  serializedVersion: 2
  m_Modification:
    serializedVersion: 3
    m_TransformParent: {fileID: 0}
    m_Modifications:
    - target: {fileID: 939802444902316609, guid: f5dc2ae2a4f36b146ba04bd40a64e7d3, type: 3}
      propertyPath: m_OnClick.m_PersistentCalls.m_Calls.Array.data[0].m_Target
      value: 
      objectReference: {fileID: 1248987030}
    - target: {fileID: 939802444902316609, guid: f5dc2ae2a4f36b146ba04bd40a64e7d3, type: 3}
      propertyPath: m_OnClick.m_PersistentCalls.m_Calls.Array.data[0].m_MethodName
      value: ShowPopup
      objectReference: {fileID: 0}
    - target: {fileID: 6219205724986791828, guid: f5dc2ae2a4f36b146ba04bd40a64e7d3, type: 3}
      propertyPath: m_Name
      value: Canvas
      objectReference: {fileID: 0}
    - target: {fileID: 8369751793934993052, guid: f5dc2ae2a4f36b146ba04bd40a64e7d3, type: 3}
      propertyPath: m_Pivot.x
      value: 0
      objectReference: {fileID: 0}
    - target: {fileID: 8369751793934993052, guid: f5dc2ae2a4f36b146ba04bd40a64e7d3, type: 3}
      propertyPath: m_Pivot.y
      value: 0
      objectReference: {fileID: 0}
    - target: {fileID: 8369751793934993052, guid: f5dc2ae2a4f36b146ba04bd40a64e7d3, type: 3}
      propertyPath: m_AnchorMax.x
      value: 0
      objectReference: {fileID: 0}
    - target: {fileID: 8369751793934993052, guid: f5dc2ae2a4f36b146ba04bd40a64e7d3, type: 3}
      propertyPath: m_AnchorMax.y
      value: 0
      objectReference: {fileID: 0}
    - target: {fileID: 8369751793934993052, guid: f5dc2ae2a4f36b146ba04bd40a64e7d3, type: 3}
      propertyPath: m_AnchorMin.x
      value: 0
      objectReference: {fileID: 0}
    - target: {fileID: 8369751793934993052, guid: f5dc2ae2a4f36b146ba04bd40a64e7d3, type: 3}
      propertyPath: m_AnchorMin.y
      value: 0
      objectReference: {fileID: 0}
    - target: {fileID: 8369751793934993052, guid: f5dc2ae2a4f36b146ba04bd40a64e7d3, type: 3}
      propertyPath: m_SizeDelta.x
      value: 0
      objectReference: {fileID: 0}
    - target: {fileID: 8369751793934993052, guid: f5dc2ae2a4f36b146ba04bd40a64e7d3, type: 3}
      propertyPath: m_SizeDelta.y
      value: 0
      objectReference: {fileID: 0}
    - target: {fileID: 8369751793934993052, guid: f5dc2ae2a4f36b146ba04bd40a64e7d3, type: 3}
      propertyPath: m_LocalPosition.x
      value: 0
      objectReference: {fileID: 0}
    - target: {fileID: 8369751793934993052, guid: f5dc2ae2a4f36b146ba04bd40a64e7d3, type: 3}
      propertyPath: m_LocalPosition.y
      value: 0
      objectReference: {fileID: 0}
    - target: {fileID: 8369751793934993052, guid: f5dc2ae2a4f36b146ba04bd40a64e7d3, type: 3}
      propertyPath: m_LocalPosition.z
      value: 0
      objectReference: {fileID: 0}
    - target: {fileID: 8369751793934993052, guid: f5dc2ae2a4f36b146ba04bd40a64e7d3, type: 3}
      propertyPath: m_LocalRotation.w
      value: 1
      objectReference: {fileID: 0}
    - target: {fileID: 8369751793934993052, guid: f5dc2ae2a4f36b146ba04bd40a64e7d3, type: 3}
      propertyPath: m_LocalRotation.x
      value: 0
      objectReference: {fileID: 0}
    - target: {fileID: 8369751793934993052, guid: f5dc2ae2a4f36b146ba04bd40a64e7d3, type: 3}
      propertyPath: m_LocalRotation.y
      value: 0
      objectReference: {fileID: 0}
    - target: {fileID: 8369751793934993052, guid: f5dc2ae2a4f36b146ba04bd40a64e7d3, type: 3}
      propertyPath: m_LocalRotation.z
      value: 0
      objectReference: {fileID: 0}
    - target: {fileID: 8369751793934993052, guid: f5dc2ae2a4f36b146ba04bd40a64e7d3, type: 3}
      propertyPath: m_AnchoredPosition.x
      value: 0
      objectReference: {fileID: 0}
    - target: {fileID: 8369751793934993052, guid: f5dc2ae2a4f36b146ba04bd40a64e7d3, type: 3}
      propertyPath: m_AnchoredPosition.y
      value: 0
      objectReference: {fileID: 0}
    - target: {fileID: 8369751793934993052, guid: f5dc2ae2a4f36b146ba04bd40a64e7d3, type: 3}
      propertyPath: m_LocalEulerAnglesHint.x
      value: 0
      objectReference: {fileID: 0}
    - target: {fileID: 8369751793934993052, guid: f5dc2ae2a4f36b146ba04bd40a64e7d3, type: 3}
      propertyPath: m_LocalEulerAnglesHint.y
      value: 0
      objectReference: {fileID: 0}
    - target: {fileID: 8369751793934993052, guid: f5dc2ae2a4f36b146ba04bd40a64e7d3, type: 3}
      propertyPath: m_LocalEulerAnglesHint.z
      value: 0
      objectReference: {fileID: 0}
    m_RemovedComponents: []
    m_RemovedGameObjects: []
    m_AddedGameObjects: []
    m_AddedComponents: []
  m_SourcePrefab: {fileID: 100100000, guid: f5dc2ae2a4f36b146ba04bd40a64e7d3, type: 3}
--- !u!1001 &2055471717
PrefabInstance:
  m_ObjectHideFlags: 0
  serializedVersion: 2
  m_Modification:
    serializedVersion: 3
    m_TransformParent: {fileID: 0}
    m_Modifications:
    - target: {fileID: 500489995497102482, guid: 83bb58decb1f5414da370b6ff8f71927, type: 3}
      propertyPath: m_LocalPosition.x
      value: 1.65
      objectReference: {fileID: 0}
    - target: {fileID: 500489995497102482, guid: 83bb58decb1f5414da370b6ff8f71927, type: 3}
      propertyPath: m_LocalPosition.y
      value: 0.47
      objectReference: {fileID: 0}
    - target: {fileID: 640928191123385973, guid: 83bb58decb1f5414da370b6ff8f71927, type: 3}
      propertyPath: m_LocalPosition.x
      value: -8.52
      objectReference: {fileID: 0}
    - target: {fileID: 640928191123385973, guid: 83bb58decb1f5414da370b6ff8f71927, type: 3}
      propertyPath: m_LocalPosition.y
      value: 0.47
      objectReference: {fileID: 0}
    - target: {fileID: 1331063539415107371, guid: 83bb58decb1f5414da370b6ff8f71927, type: 3}
      propertyPath: m_LocalPosition.x
      value: 2.85
      objectReference: {fileID: 0}
    - target: {fileID: 1331063539415107371, guid: 83bb58decb1f5414da370b6ff8f71927, type: 3}
      propertyPath: m_LocalPosition.y
      value: -5.14
      objectReference: {fileID: 0}
    - target: {fileID: 4946894890229988347, guid: 83bb58decb1f5414da370b6ff8f71927, type: 3}
      propertyPath: m_LocalPosition.x
      value: -12.67
      objectReference: {fileID: 0}
    - target: {fileID: 4946894890229988347, guid: 83bb58decb1f5414da370b6ff8f71927, type: 3}
      propertyPath: m_LocalPosition.y
      value: -5.14
      objectReference: {fileID: 0}
    - target: {fileID: 7560311567514228111, guid: 83bb58decb1f5414da370b6ff8f71927, type: 3}
      propertyPath: m_Enabled
      value: 1
      objectReference: {fileID: 0}
    - target: {fileID: 8378539888516367639, guid: 83bb58decb1f5414da370b6ff8f71927, type: 3}
      propertyPath: m_LocalPosition.x
      value: 1.5523174
      objectReference: {fileID: 0}
    - target: {fileID: 8378539888516367639, guid: 83bb58decb1f5414da370b6ff8f71927, type: 3}
      propertyPath: m_LocalPosition.y
      value: 1.17
      objectReference: {fileID: 0}
    - target: {fileID: 8378539888516367639, guid: 83bb58decb1f5414da370b6ff8f71927, type: 3}
      propertyPath: m_LocalPosition.z
      value: -0.010136912
      objectReference: {fileID: 0}
    - target: {fileID: 8378539888516367639, guid: 83bb58decb1f5414da370b6ff8f71927, type: 3}
      propertyPath: m_LocalRotation.w
      value: 1
      objectReference: {fileID: 0}
    - target: {fileID: 8378539888516367639, guid: 83bb58decb1f5414da370b6ff8f71927, type: 3}
      propertyPath: m_LocalRotation.x
      value: 0
      objectReference: {fileID: 0}
    - target: {fileID: 8378539888516367639, guid: 83bb58decb1f5414da370b6ff8f71927, type: 3}
      propertyPath: m_LocalRotation.y
      value: 0
      objectReference: {fileID: 0}
    - target: {fileID: 8378539888516367639, guid: 83bb58decb1f5414da370b6ff8f71927, type: 3}
      propertyPath: m_LocalRotation.z
      value: 0
      objectReference: {fileID: 0}
    - target: {fileID: 8378539888516367639, guid: 83bb58decb1f5414da370b6ff8f71927, type: 3}
      propertyPath: m_LocalEulerAnglesHint.x
      value: 0
      objectReference: {fileID: 0}
    - target: {fileID: 8378539888516367639, guid: 83bb58decb1f5414da370b6ff8f71927, type: 3}
      propertyPath: m_LocalEulerAnglesHint.y
      value: 0
      objectReference: {fileID: 0}
    - target: {fileID: 8378539888516367639, guid: 83bb58decb1f5414da370b6ff8f71927, type: 3}
      propertyPath: m_LocalEulerAnglesHint.z
      value: 0
      objectReference: {fileID: 0}
    - target: {fileID: 8929605627679881171, guid: 83bb58decb1f5414da370b6ff8f71927, type: 3}
      propertyPath: m_Name
      value: HeroSpawner
      objectReference: {fileID: 0}
    m_RemovedComponents: []
    m_RemovedGameObjects: []
    m_AddedGameObjects: []
    m_AddedComponents: []
  m_SourcePrefab: {fileID: 100100000, guid: 83bb58decb1f5414da370b6ff8f71927, type: 3}
--- !u!114 &2055471718 stripped
MonoBehaviour:
  m_CorrespondingSourceObject: {fileID: 7560311567514228111, guid: 83bb58decb1f5414da370b6ff8f71927, type: 3}
  m_PrefabInstance: {fileID: 2055471717}
  m_PrefabAsset: {fileID: 0}
  m_GameObject: {fileID: 0}
  m_Enabled: 1
  m_EditorHideFlags: 0
  m_Script: {fileID: 11500000, guid: 44a78de9c74f1884ca2add8d59553bc9, type: 3}
  m_Name: 
  m_EditorClassIdentifier: 
--- !u!1 &2103640703
GameObject:
  m_ObjectHideFlags: 0
  m_CorrespondingSourceObject: {fileID: 0}
  m_PrefabInstance: {fileID: 0}
  m_PrefabAsset: {fileID: 0}
  serializedVersion: 6
  m_Component:
  - component: {fileID: 2103640706}
  - component: {fileID: 2103640705}
  - component: {fileID: 2103640704}
  m_Layer: 0
  m_Name: EventSystem
  m_TagString: Untagged
  m_Icon: {fileID: 0}
  m_NavMeshLayer: 0
  m_StaticEditorFlags: 0
  m_IsActive: 1
--- !u!114 &2103640704
MonoBehaviour:
  m_ObjectHideFlags: 0
  m_CorrespondingSourceObject: {fileID: 0}
  m_PrefabInstance: {fileID: 0}
  m_PrefabAsset: {fileID: 0}
  m_GameObject: {fileID: 2103640703}
  m_Enabled: 1
  m_EditorHideFlags: 0
  m_Script: {fileID: 11500000, guid: 4f231c4fb786f3946a6b90b886c48677, type: 3}
  m_Name: 
  m_EditorClassIdentifier: 
  m_SendPointerHoverToParent: 1
  m_HorizontalAxis: Horizontal
  m_VerticalAxis: Vertical
  m_SubmitButton: Submit
  m_CancelButton: Cancel
  m_InputActionsPerSecond: 10
  m_RepeatDelay: 0.5
  m_ForceModuleActive: 0
--- !u!114 &2103640705
MonoBehaviour:
  m_ObjectHideFlags: 0
  m_CorrespondingSourceObject: {fileID: 0}
  m_PrefabInstance: {fileID: 0}
  m_PrefabAsset: {fileID: 0}
  m_GameObject: {fileID: 2103640703}
  m_Enabled: 1
  m_EditorHideFlags: 0
  m_Script: {fileID: 11500000, guid: 76c392e42b5098c458856cdf6ecaaaa1, type: 3}
  m_Name: 
  m_EditorClassIdentifier: 
  m_FirstSelected: {fileID: 0}
  m_sendNavigationEvents: 1
  m_DragThreshold: 10
--- !u!4 &2103640706
Transform:
  m_ObjectHideFlags: 0
  m_CorrespondingSourceObject: {fileID: 0}
  m_PrefabInstance: {fileID: 0}
  m_PrefabAsset: {fileID: 0}
  m_GameObject: {fileID: 2103640703}
  serializedVersion: 2
  m_LocalRotation: {x: 0, y: 0, z: 0, w: 1}
  m_LocalPosition: {x: 0, y: 0, z: 0}
  m_LocalScale: {x: 1, y: 1, z: 1}
  m_ConstrainProportionsScale: 0
  m_Children: []
  m_Father: {fileID: 0}
  m_LocalEulerAnglesHint: {x: 0, y: 0, z: 0}
--- !u!114 &1356007030999028715 stripped
MonoBehaviour:
  m_CorrespondingSourceObject: {fileID: 2645018512780016608, guid: b931196ac08c82f448da4325aa1d14ba, type: 3}
  m_PrefabInstance: {fileID: 6932293248256022023}
  m_PrefabAsset: {fileID: 0}
  m_GameObject: {fileID: 0}
  m_Enabled: 1
  m_EditorHideFlags: 0
  m_Script: {fileID: 11500000, guid: 0adc61ea304ca5c41b34f2680efc546c, type: 3}
  m_Name: 
  m_EditorClassIdentifier: 
--- !u!1001 &3670213291979316798
PrefabInstance:
  m_ObjectHideFlags: 0
  serializedVersion: 2
  m_Modification:
    serializedVersion: 3
    m_TransformParent: {fileID: 0}
    m_Modifications:
    - target: {fileID: 3889121108415196773, guid: 91b2494428134a244b18f8e0c6d4f719, type: 3}
      propertyPath: m_LocalPosition.x
      value: -9.44
      objectReference: {fileID: 0}
    - target: {fileID: 3889121108415196773, guid: 91b2494428134a244b18f8e0c6d4f719, type: 3}
      propertyPath: m_LocalPosition.y
      value: 0.99
      objectReference: {fileID: 0}
    - target: {fileID: 3889121108415196773, guid: 91b2494428134a244b18f8e0c6d4f719, type: 3}
      propertyPath: m_LocalPosition.z
      value: 0.026718961
      objectReference: {fileID: 0}
    - target: {fileID: 3889121108415196773, guid: 91b2494428134a244b18f8e0c6d4f719, type: 3}
      propertyPath: m_LocalRotation.w
      value: 1
      objectReference: {fileID: 0}
    - target: {fileID: 3889121108415196773, guid: 91b2494428134a244b18f8e0c6d4f719, type: 3}
      propertyPath: m_LocalRotation.x
      value: 0
      objectReference: {fileID: 0}
    - target: {fileID: 3889121108415196773, guid: 91b2494428134a244b18f8e0c6d4f719, type: 3}
      propertyPath: m_LocalRotation.y
      value: 0
      objectReference: {fileID: 0}
    - target: {fileID: 3889121108415196773, guid: 91b2494428134a244b18f8e0c6d4f719, type: 3}
      propertyPath: m_LocalRotation.z
      value: 0
      objectReference: {fileID: 0}
    - target: {fileID: 3889121108415196773, guid: 91b2494428134a244b18f8e0c6d4f719, type: 3}
      propertyPath: m_LocalEulerAnglesHint.x
      value: 0
      objectReference: {fileID: 0}
    - target: {fileID: 3889121108415196773, guid: 91b2494428134a244b18f8e0c6d4f719, type: 3}
      propertyPath: m_LocalEulerAnglesHint.y
      value: 0
      objectReference: {fileID: 0}
    - target: {fileID: 3889121108415196773, guid: 91b2494428134a244b18f8e0c6d4f719, type: 3}
      propertyPath: m_LocalEulerAnglesHint.z
      value: 0
      objectReference: {fileID: 0}
    - target: {fileID: 8192658402084703266, guid: 91b2494428134a244b18f8e0c6d4f719, type: 3}
      propertyPath: m_Name
      value: Castle03
      objectReference: {fileID: 0}
    m_RemovedComponents: []
    m_RemovedGameObjects: []
    m_AddedGameObjects: []
    m_AddedComponents: []
  m_SourcePrefab: {fileID: 100100000, guid: 91b2494428134a244b18f8e0c6d4f719, type: 3}
--- !u!114 &3670213291979316799 stripped
MonoBehaviour:
  m_CorrespondingSourceObject: {fileID: 6073421734328356263, guid: 91b2494428134a244b18f8e0c6d4f719, type: 3}
  m_PrefabInstance: {fileID: 3670213291979316798}
  m_PrefabAsset: {fileID: 0}
  m_GameObject: {fileID: 0}
  m_Enabled: 1
  m_EditorHideFlags: 0
  m_Script: {fileID: 11500000, guid: 6a646ce6b12fa8a428f32822787052de, type: 3}
  m_Name: 
  m_EditorClassIdentifier: 
--- !u!1001 &6932293248256022023
PrefabInstance:
  m_ObjectHideFlags: 0
  serializedVersion: 2
  m_Modification:
    serializedVersion: 3
    m_TransformParent: {fileID: 0}
    m_Modifications:
    - target: {fileID: 1985074040282311831, guid: b931196ac08c82f448da4325aa1d14ba, type: 3}
      propertyPath: coin
      value: 
      objectReference: {fileID: 675869393}
    - target: {fileID: 1985074040282311831, guid: b931196ac08c82f448da4325aa1d14ba, type: 3}
      propertyPath: characterSpawner
      value: 
      objectReference: {fileID: 2055471718}
    - target: {fileID: 2099472230085400853, guid: b931196ac08c82f448da4325aa1d14ba, type: 3}
      propertyPath: coin
      value: 
      objectReference: {fileID: 675869393}
    - target: {fileID: 2099472230085400853, guid: b931196ac08c82f448da4325aa1d14ba, type: 3}
      propertyPath: characterSpawner
      value: 
      objectReference: {fileID: 2055471718}
    - target: {fileID: 3144081763682937406, guid: b931196ac08c82f448da4325aa1d14ba, type: 3}
      propertyPath: m_Name
      value: Cards-Map03
      objectReference: {fileID: 0}
    - target: {fileID: 3656321649992587755, guid: b931196ac08c82f448da4325aa1d14ba, type: 3}
      propertyPath: coin
      value: 
      objectReference: {fileID: 675869393}
    - target: {fileID: 3656321649992587755, guid: b931196ac08c82f448da4325aa1d14ba, type: 3}
      propertyPath: characterSpawner
      value: 
      objectReference: {fileID: 2055471718}
    - target: {fileID: 5705252398601750009, guid: b931196ac08c82f448da4325aa1d14ba, type: 3}
      propertyPath: coin
      value: 
      objectReference: {fileID: 675869393}
    - target: {fileID: 5705252398601750009, guid: b931196ac08c82f448da4325aa1d14ba, type: 3}
      propertyPath: characterSpawner
      value: 
      objectReference: {fileID: 2055471718}
    - target: {fileID: 6207001817368547472, guid: b931196ac08c82f448da4325aa1d14ba, type: 3}
      propertyPath: coin
      value: 
      objectReference: {fileID: 675869393}
    - target: {fileID: 6207001817368547472, guid: b931196ac08c82f448da4325aa1d14ba, type: 3}
      propertyPath: characterSpawner
      value: 
      objectReference: {fileID: 2055471718}
    - target: {fileID: 9111615220953958307, guid: b931196ac08c82f448da4325aa1d14ba, type: 3}
      propertyPath: m_LocalPosition.x
      value: -5.98
      objectReference: {fileID: 0}
    - target: {fileID: 9111615220953958307, guid: b931196ac08c82f448da4325aa1d14ba, type: 3}
      propertyPath: m_LocalPosition.y
      value: -4.68
      objectReference: {fileID: 0}
    - target: {fileID: 9111615220953958307, guid: b931196ac08c82f448da4325aa1d14ba, type: 3}
      propertyPath: m_LocalPosition.z
      value: 0
      objectReference: {fileID: 0}
    - target: {fileID: 9111615220953958307, guid: b931196ac08c82f448da4325aa1d14ba, type: 3}
      propertyPath: m_LocalRotation.w
      value: 1
      objectReference: {fileID: 0}
    - target: {fileID: 9111615220953958307, guid: b931196ac08c82f448da4325aa1d14ba, type: 3}
      propertyPath: m_LocalRotation.x
      value: 0
      objectReference: {fileID: 0}
    - target: {fileID: 9111615220953958307, guid: b931196ac08c82f448da4325aa1d14ba, type: 3}
      propertyPath: m_LocalRotation.y
      value: 0
      objectReference: {fileID: 0}
    - target: {fileID: 9111615220953958307, guid: b931196ac08c82f448da4325aa1d14ba, type: 3}
      propertyPath: m_LocalRotation.z
      value: 0
      objectReference: {fileID: 0}
    - target: {fileID: 9111615220953958307, guid: b931196ac08c82f448da4325aa1d14ba, type: 3}
      propertyPath: m_LocalEulerAnglesHint.x
      value: 0
      objectReference: {fileID: 0}
    - target: {fileID: 9111615220953958307, guid: b931196ac08c82f448da4325aa1d14ba, type: 3}
      propertyPath: m_LocalEulerAnglesHint.y
      value: 0
      objectReference: {fileID: 0}
    - target: {fileID: 9111615220953958307, guid: b931196ac08c82f448da4325aa1d14ba, type: 3}
      propertyPath: m_LocalEulerAnglesHint.z
      value: 0
      objectReference: {fileID: 0}
    m_RemovedComponents: []
    m_RemovedGameObjects: []
    m_AddedGameObjects: []
    m_AddedComponents: []
  m_SourcePrefab: {fileID: 100100000, guid: b931196ac08c82f448da4325aa1d14ba, type: 3}
--- !u!1660057539 &9223372036854775807
SceneRoots:
  m_ObjectHideFlags: 0
  m_Roots:
  - {fileID: 1650662831}
  - {fileID: 519420032}
  - {fileID: 2103640706}
  - {fileID: 105684313}
  - {fileID: 760499557}
  - {fileID: 1118552357}
  - {fileID: 3670213291979316798}
  - {fileID: 1403361552}
  - {fileID: 706682836}
  - {fileID: 520042326}
  - {fileID: 6932293248256022023}
  - {fileID: 675869392}
  - {fileID: 2055471717}
  - {fileID: 1563785504}
  - {fileID: 1248987029}
  - {fileID: 2010635153}
  - {fileID: 1410641054}
  - {fileID: 252830099}
